@book{voelter2013dsl,
  title={DSL engineering: Designing, implementing and using domain-specific languages},
  author={Voelter, Markus and Benz, Sebastian and Dietrich, Christian and Engelmann, Birgit and Helander, Mats and Kats, Lennart CL and Visser, Eelco and Wachsmuth, Guido},
  year={2013},
  publisher={dslbook. org}
}
@article{erwig2014semantics,
  title={Semantics-driven DSL design},
  author={Erwig, Martin and Walkingshaw, Eric},
  journal={Computational Linguistics: Concepts, Methodologies, Tools, and Applications: Concepts, Methodologies, Tools, and Applications},
  pages={251},
  year={2014},
  publisher={IGI Global}
}
@article{karsai2014design,
  title={Design guidelines for domain specific languages},
  author={Karsai, Gabor and Krahn, Holger and Pinkernell, Claas and Rumpe, Bernhard and Schindler, Martin and V{\"o}lkel, Steven},
  journal={arXiv preprint arXiv:1409.2378},
  year={2014}
}